@CONFERENCE{confbib1,
  author = {Tsuvarev E.S., Kassan-Ogly F.A. and Proskin A.I.},
  title = {Ordering and frustrations in generalized Ising chain},
  booktitle = {EASTMAG-2019. BOOK OF ABSTRACTS},
  year = {2019},
  language = {english},
  pages = {573--574},
  authorconf = {true},
}

@ARTICLE{scbib1,
  author = {Tsuvarev E.S., Kassan-Ogly F.A. and Proskin A.I.},
  title = {Ordering and frustrations in generalized Ising chain},
  journal = {Journal of Physics: Conference Series},
  year = {2019},
  volume = {1389},
  pages = {12008--12014},
  language = {english},
  authorscopus = {true},
  authorwos = {true},
  addendum = {(Scopus, WoS)},
}

@CONFERENCE{confbib2,
  author = {Цуварев Е.С., Кассан-Оглы Ф.А. и Прошкин А.И.},
  title = {Термодинамика и магнетизм обобщенной одномерной изинговской цепочки},
  booktitle = {Магнитные фазовые переходы. Сборник трудов XIII Международного семинара},
  year = {2019},
  language = {russian},
  pages = {59--62},
  authorconf = {true},
}

@CONFERENCE{confbib3,
  author = {Tsuvarev E.S., Kassan-Ogly F.A. and Proshkin A.I.},
  title = {Thermodynamic and magnetic properties of one-dimensional decorated chain in Ising model},
  booktitle = {VII Международная молодежная научная конференция, посвященная 100-летию Уральского федерального университета «ФИЗИКА. ТЕХНОЛОГИИ. ИННОВАЦИИ ФТИ-2020» Тезисы докладов},
  year = {2020},
  language = {english},
  pages = {366},
  authorconf = {true},
}

@CONFERENCE{confbib4,
  author = {Tsuvarev E.S., Kassan-Ogly F.A. and Proshkin A.I.},
  title = {Thermodynamic and magnetic properties of one-dimensional decorated chain in Ising model},
  booktitle = {Международная зимняя школа физиков-теоретиков «КОУРОВКА-XXXVIII» ТЕЗИСЫ ДОКЛАДОВ},
  year = {2020},
  language = {english},
  pages = {91},
  authorconf = {true},
}

@CONFERENCE{confbib5,
  author = {Цуварев Е.С., Кассан-Оглы Ф.А. и Прошкин А.И.},
  title = {Точное решение модели Изинга на линейной декорированной цепочке в магнитном поле},
  booktitle = {LIV Школа ПИЯФ по физике конденсированного состояния «Сборник тезисов и список участников»},
  year = {2020},
  language = {russian},
  pages = {175},
  authorconf = {true},
}

@ARTICLE{vakbib1,
  author = {Цуварев Е.С., Кассан-Оглы Ф.А. и Прошкин А.И.},
  title = {Обобщенная модель Изинга в отсутствие магнитного поля},
  journal = {Журнал экспериментальной и теоретической физики},
  year = {2020},
  volume = {158},
  pages = {504--514},
  language = {russian},
  authorvak = {true},
  authorwos = {true},
}

@ARTICLE{vakbib2,
  author = {Цуварев Е.С., Кассан-Оглы Ф.А.},
  title = {Декорированная изинговская цепочка в магнитном поле},
  journal = {Журнал экспериментальной и теоретической физики},
  year = {2020},
  volume = {158},
  pages = {1125--1138},
  language = {russian},
  authorvak = {true},
  authorwos = {true},
}

@ARTICLE{vakbib3,
  author = {Цуварев Е.С., Кассан-Оглы Ф.А.},
  title = {Обобщенная модель Изинга в магнитном поле},
  journal = {Журнал экспериментальной и теоретической физики},
  year = {2021},
  volume = {160},
  pages = {232--248},
  language = {russian},
  authorvak = {true},
  authorwos = {true},
}

@CONFERENCE{confbib6,
  author = {Цуварев Е.С., Кассан-Оглы Ф.А.},
  title = {Обобщенная модель Изинга в магнитном поле},
  booktitle = {VIII Международная молодежная научная конференция «ФИЗИКА. ТЕХНОЛОГИИ. ИННОВАЦИИ ФТИ-2021» Тезисы докладов},
  year = {2021},
  language = {russian},
  pages = {331},
  authorconf = {true},
}

@CONFERENCE{confbib7,
  author = {Цуварев Е.С., Кассан-Оглы Ф.А.},
  title = {Точное решение обобщенной модели Изинга на квадратной решетке комбинаторным методом Вдовиченко−Фейнмана},
  booktitle = {Забабахинские научные чтения: сборник материалов XV Международной конференции 27 сентября -- 1 октября 2021. -- Снежинск: Издательство РФЯЦ--ВНИИТФ},
  year = {2021},
  language = {russian},
  authorconf = {true},
}

@CONFERENCE{confbib8,
  author = {Цуварев Е.С., Кассан-Оглы Ф.А.},
  title = {Модель Изинга на решетке Union Jack с двумя трансляциями},
  booktitle = {Сборник тезисов докладов. Молодежная Школа по физике конденсированного состояния (Школа ФКС-2024)},
  year = {2024},
  language = {russian},
  authorconf = {true},
}

@ARTICLE{scbib2,
  author = {Kassan-Ogly F.A., Tsuvarev E.S.},
  title = {Ising model on generalized Union Jack lattice},
  journal = {Journal of Magnetism and Magnetic Materials},
  year = {2024},
  volume = {592},
  language = {english},
  authorscopus = {true},
  authorwos = {true},
  addendum = {(Scopus, WoS)},
}