@ARTICLE{potts1955,
	author =       {Potts, R.B. and Ward J.C.},
	title =        {Combinatrial Method and the Two-Dimensional Ising Model},
	journaltitle = {Prog. Theor. Phys.},
	year =         {1955},
	number =       {13},
	pages =        {38},
	language =     {english}
}

@BOOK{liebmann1986,
  author = {Liebmann, R.},
  address = {Berlin},
  publisher = {Springer-Verlag},
  title = {Statistical mechanics of periodic frustrated Ising systems},
  year = {1986},
  numpages = {114},
  language = {english}
}

@ARTICLE{toulouse1977,
  author =       {Toulouse, G.},
  title =        {Theory of the frustration effect in spin glasses: I},
  journaltitle = {Communications on Physics},
  year =         {1977},
  number =       {2},
  pages =        {115},
  language =     {english}
}

@ARTICLE{vannimenus1977,
  author =       {J. Vannimenus and G. Toulouse},
  title =        {Theory of the frustration effect. II. Ising spins on a square lattice},
  journal =      {J. Phys. C: Solid State Phys.},
  year =         {1977},
  volume =       {10},
  number =       {18},
  pages =        {L537},
  language =     {english}
}

@BOOK{baxter1985,
  author = {Бэкстер, Р.},
  address = {Москва},
  publisher = {Мир},
  title = {Точно решаемые модели в статистической механике},
  year = {1985},
  numpages = {487},
  language = {russian}
}

@ARTICLE{ising1925,
  author =       {Ising, E.},
  title =        {Beitrag zur theorie des ferromagnetismus},
  journal =      {Zeitschrift für Physik},
  year =         {1925},
  volume =       {21},
  pages =        {253--258},
  language =     {german}
}

@ARTICLE{kramers_wannier1,
  author =       {H.A. Kramers and G.H. Wannier},
  title =        {Statistics of the two-dimensional ferromagnet. Part I},
  journal =      {Phys. Rev.},
  year =         {1941},
  volume =       {60},
  pages =        {252--262},
  language =     {english}
}

@ARTICLE{kramers_wannier2,
  author =       {H.A. Kramers and G.H. Wannier},
  title =        {Statistics of the two-dimensional ferromagnet. Part II},
  journal =      {Phys. Rev.},
  year =         {1941},
  volume =       {60},
  pages =        {263--276},
  language =     {english}
}

@ARTICLE{onsager1941,
  author =       {L. Onsager},
  title =        {Crystal statistics. I. A two-dimensional model with an order-disorder transition},
  journal =      {Phys. Rev.},
  year =         {1944},
  volume =       {65},
  number =       {3--4},
  pages =        {117--149},
  language =     {english}
}

@ARTICLE{wannier1950,
  author =       {Wannier, G.H.},
  title =        {Antiferromagnetism. The Triangular Ising Net},
  journal =      {Phys. Rev.},
  year =         {1950},
  volume =       {79},
  number =       {2},
  pages =        {357--364},
  language =     {english}
}

@ARTICLE{houtapell1950,
  author =       {Houtappel, R.M.F.},
  title =        {Order-disorder in hexagonal lattices},
  journal =      {Prog. Theor. Phys.},
  year =         {1950},
  volume =       {16},
  number =       {5},
  pages =        {425--455},
  language =     {english}
}

@ARTICLE{kano_naya1953,
  author =       {K. Kanô and S. Naya},
  title =        {Antiferromagnetism. The kagomé Ising net},
  journal =      {Prog. Theor. Phys.},
  year =         {1953},
  volume =       {10},
  number =       {5},
  pages =        {158--172},
  language =     {english}
}

@ARTICLE{yang1952,
  author =       {Yang, C.N.},
  title =        {The spontaneous magnetisation of a two-dimensional Ising model},
  journal =      {Phys. Rev.},
  year =         {1952},
  volume =       {85},
  number =       {5},
  pages =        {808--816},
  language =     {english}
}

@ARTICLE{brush1967,
  author =       {Brush, S.G.},
  title =        {History of the Lenz-Ising model},
  journal =      {Rev. Mod. Phys.},
  year =         {1967},
  volume =       {39},
  pages =        {883--893},
  language =     {english}
}

@BOOK{mussardo2010,
  author = {G. Mussardo},
  address = {New York},
  publisher = {Oxford University Press Inc.},
  title = {Statistical field theory: An introduction to exactly solved models
in statistical physics (Oxford Graduate Texts)},
  year = {2010},
  numpages = {755},
  language = {english}
}

@ARTICLE{kaufrman1949,
  author =       {B. Kaufman},
  title =        {Crystal statistics. II. Partition function evaluated by spinor analysis},
  journal =      {Phys. Rev.},
  year =         {1949},
  volume =       {76},
  number =       {8},
  pages =        {1232--1243},
  language =     {english}
}

@ARTICLE{hurst1960,
  author =       {C.A. Hurst and H.S. Green},
  title =        {New solution of the Ising problem for a rectangular lattice},
  journal =      {J. Chem. Phys.},
  year =         {1960},
  volume =       {33},
  number =       {4},
  pages =        {1059--1062},
  language =     {english}
}

@ARTICLE{kasteleyn1963,
  author =       {P.W. Kasteleyn},
  title =        {Dimer statistics and phase transitions},
  journal =      {J. Math. Phys.},
  year =         {1963},
  volume =       {4},
  number =       {2},
  pages =        {287--293},
  language =     {english}
}

@ARTICLE{kac1952,
  author =       {M. Kac and J.C. Ward},
  title =        {A combinatorial solution of the two-dimensional Ising model},
  journal =      {Phys. Rev.},
  year =         {1952},
  volume =       {88},
  number =       {6},
  pages =        {1332--1337},
  language =     {english}
}

@ARTICLE{montroll1953,
  author =       {G.F. Newell and E.W. Montroll},
  title =        {On the theory of the Ising model of ferromagnetism},
  journal =      {Rev. Mod. Phys.},
  year =         {1953},
  volume =       {25},
  number =       {2},
  pages =        {353--389},
  language =     {english}
}

@ARTICLE{vdovichenko1965_1,
  author =       {N.V. Vdovichenko},
  title =        {A calculation of the partition function for a plane dipole lattice},
  journal =      {JETP.},
  year =         {1965},
  volume =       {20},
  number =       {2},
  pages =        {477--479},
  language =     {english}
}

@ARTICLE{vdovichenko1965_2,
	author =       {N.V. Vdovichenko},
	title =        {Spontaneous Magnetization of a Plane Dipole Lattice},
	journal =      {JETP.},
	year =         {1965},
	volume =       {21},
	number =       {2},
	pages =        {350--352},
	language =     {english}
}

@BOOK{feynmann1972,
  author = {R.P. Feynman},
  address = {Reading, Mass.},
  publisher = {W. A. Benjamin},
  title = {Statistical Mechanics. A Set of Lectures},
  year = {1972},
  numpages = {374},
  language = {english}
}

@ARTICLE{samuel1980,
	author =       {S. Samuel},
	title =        {The use of anticommuting variable integrals in statistical mechanics. I. The computation of partition functions Available to Purchase},
	journal =      {J. Math. Phys.},
	year =         {1980},
	volume =       {21},
	pages =        {2015},
	language =     {english}
}

@ARTICLE{plechko1985,
	author =       {В.Н. Плечко},
	title =        {Простое решение двумерной модели Изинга на торе через грассмановы интегралы},
	journal =      {ТМФ},
	year =         {1985},
	volume =       {64},
	pages =        {150},
	language =     {russian}
}

@ARTICLE{vergeles2009,
	author =       {С.Н. Вергелес},
	title =        {Еще одно решение двумерной модели Изинга},
	journal =      {ЖЭТФ},
	year =         {2009},
	volume =       {135},
	pages =        {820},
	language =     {russian}
}

@BOOK{grunbaum1987,
	author = {B. Grünbaum, G.C. Shephard},
	address = {New York},
	publisher = {W.H. Freeman},
	title = {Tilings and patterns},
	year = {1987},
	numpages = {726},
	language = {english}
}

@BOOK{syozi1972,
	author = {I. Syozi},
	address = {London},
	publisher = {Academic Press},
	title = {Transformation of Ising models, in Phase transitions and Critical Phenomena Vol. 1. Exact Results, edited by C. Domb and M. S. Green},
	year = {1972},
	numpages = {270--329},
	language = {english}
}

@BOOK{isihara1973,
  author = {А. Исихара},
  address = {Москва},
  publisher = {Мир},
  title = {Статистическая физика},
  year = {1973},
  numpages = {471},
  language = {russian}
}

@BOOK{huang1973,
  author = {К. Хуанг},
  address = {Москва},
  publisher = {Мир},
  title = {Статистическая механика},
  year = {1966},
  numpages = {520},
  language = {russian}
}

@BOOK{kubo1967,
  author = {Р. Кубо},
  address = {Москва},
  publisher = {Мир},
  title = {Статистическая механика},
  year = {1967},
  numpages = {452},
  language = {russian}
}

@BOOK{gantmacher1966,
  author = {Ф.Р. Гантмахер},
  address = {Москва},
  publisher = {Наука},
  title = {Теория матриц},
  year = {1966},
  numpages = {576},
  language = {russian}
}

@ARTICLE{pauling1935,
  author =       {L. Pauling},
  title =        {The structure and entropy of ice and of other crystals with some randomness of atomic arrangement},
  journal =      {Contribution from the Gates Chemical Laboratory},
  year =         {1935},
  volume =       {57},
  pages =        {2680--2684},
  language =     {english}
}

@BOOK{diep2013,
  author = {H.T. Diep},
  publisher = {World Scientific Publishing Co. Pte. Ltd},
  title = {Frustrated Spin Systems},
  edition = {2},
  year = {2013},
  numpages = {644},
  language = {russian}
}

@ARTICLE{bramwell2001,
  author =       {S.T. Bramwell and M.J.P. Gingras},
  title =        {Spin ice state in frustrated magnetic pyrochlore materials},
  journal =      {Science},
  year =         {2001},
  volume =       {294},
  pages =        {1495--1501},
  language =     {english}
}

@ARTICLE{kohli2011,
  author =       {K.K. Kohli [et al.]},
  title =        {Magneto-optical Kerr effect studies of square artificial spin ice},
  journal =      {Phys. Rev. B.},
  year =         {2011},
  volume =       {84},
  pages =        {180412},
  language =     {english}
}

@ARTICLE{harris1997,
  author =       {M. Harris [et al.]},
  title =        {Geometrical frustration in the ferromagnetic pyrochlore Ho2Ti2O7},
  journal =      {Physical Review Letters.},
  year =         {1997},
  volume =       {79},
  pages =        {2554--2557},
  language =     {english}
}

@ARTICLE{peierls1936,
  author =       {R. Peierls},
  title =        {On Ising's model of ferromagnetism},
  journal =      {Mathematical Proceedings of the Cambridge Philosophical Society.},
  year =         {1936},
  volume =       {32},
  pages =        {477--481},
  language =     {english}
}

@ARTICLE{docenko1993,
  author =       {В.С. Доценко},
  title =        {Физика спин-стекольного состояния},
  journal =      {УФН},
  year =         {1993},
  volume =       {163},
  pages =        {1--37},
  language =     {russian}
}

 @ARTICLE{aarts2001,
   author =       {E. Aarts [et al.]},
   title =        {Statistical Physics of Neural Networks},
   journal =      {International Encyclopedia of the Social \& Behavioral Sciences},
   year =         {2001},
   pages =        {10537--10542},
   language =     {english}
 }

@ARTICLE{kincel1987,
  author =       {В. Кинцель},
  title =        {Спиновые стекла как модельные системы для нейронных
сетей},
  journal =      {УФН},
  year =         {1987},
  volume =       {152},
  pages =        {123--131},
  language =     {russian}
}

@ARTICLE{zarubin2019,
  author =       {А.В. Зарубин and другие},
  title =        {Фрустрационные свойства одномерной модели Изинга},
  journal =      {ЖЭТФ},
  year =         {2019},
  volume =       {155},
  pages =        {914--946},
  language =     {russian}
}

@ARTICLE{matsumura1997,
  author =       {T. Matsumura [et al.]},
  title =        {Specific heat study of the quadrupolar ordering in TmTe},
  journal =      {Physica B: Condensed Matter},
  year =         {1997},
  volume =       {230--232},
  pages =        {738--740},
  language =     {english}
}

@ARTICLE{smoluchowski1907,
  author =       {M. Smoluchowski},
  title =        {Molecular kinetic theory of the opalescence of gases at the critical point, and some related phenomena},
  journal =      {Acad des Sci. de Cracovie Annalen der Physik},
  year =         {1907},
  volume =       {25},
  pages =        {205},
  language =     {english}
}

@ARTICLE{siozi1951,
  author =       {I. Syozi},
  title =        {Statistics of kagomé lattice},
  journal =      {Prog. Theor. Phys.},
  year =         {1951},
  volume =       {35},
  pages =        {306--308},
  language =     {english}
}

 @ARTICLE{siozi_domb1972,
   author =       {I. Syozi [et al.]},
   title =        {Phase Transitions and Critical Phenomena},
   journal =      {N.Y.: Academic},
   year =         {1972},
   pages =        {506},
   language =     {english}
 }

@ARTICLE{fisher1958,
  author =       {M.E. Fisher},
  title =        {Transformations of Ising models},
  journal =      {Phys. Rev.},
  year =         {1958},
  volume =       {113},
  pages =        {969},
  language =     {english}
}

@ARTICLE{jaščur2016,
  author =       {M. Jaščur [et al.]},
  title =        {Frustration in an exactly solvable mixed-spin Ising model with bilinear and three-site four-spin interactions on a decorated square lattice},
  journal =      {J. Magn. Magn. Mater.},
  year =         {2016},
  volume =       {417},
  number =       {92},
  pages =        {92--99},
  language =     {english}
}

@ARTICLE{strečka2019_1,
  author =       {J. Strečka [et al.]},
  title =        {Anomalous spin frustration enforced by a magnetoelastic coupling in the mixed-spin Ising model on decorated planar lattices},
  journal =      {J. Magn. Magn. Mater.},
  year =         {2019},
  volume =       {469},
  pages =        {655--664},
  language =     {english}
}

@ARTICLE{strečka2019_2,
  author =       {J. Strečka [et al.]},
  title =        {Absence of a spontaneous long-range order in a mixed spin-(1/2, 3/2) Ising model on a decorated square lattice due to anomalous spin frustration driven by a magnetoelastic coupling},
  journal =      {Physics Letters A.},
  year =         {2019},
  volume =       {383},
  pages =        {2451--2455},
  language =     {english}
}

@ARTICLE{gálisová2018,
  author =       {L. Gálisová and J. Strečka},
  title =        {Magnetic and magnetocaloric properties of the exactly solvable mixed-spin Ising model on a decorated triangular lattice in a magnetic field},
  journal =      {Physica E: Low-dimensional Systems and Nanostructures.},
  year =         {2018},
  volume =       {99},
  pages =        {244--253},
  language =     {english}
}

@ARTICLE{cenčariková2016,
  author =       {H. Čenčariková [et al.]},
  title =        {Reentrant phase transitions of a coupled spin-electron model on doubly decorated planar lattices with two or three consecutive critical points},
  journal =      {J. Magn. Magn. Mater.},
  year =         {2016},
  volume =       {401},
  pages =        {1106--1122},
  language =     {english}
}

@ARTICLE{stubňa2017,
  author =       {V. Štubňa and M. Jaščur},
  title =        {Mixed spin-1/2 and 3/2 Ising model with multi-spin interactions on a decorated square lattice},
  journal =      {J. Magn. Magn. Mater.},
  year =         {2017},
  volume =       {442},
  pages =        {364--370},
  language =     {english}
}

@ARTICLE{mutalamov2020,
  author =       {В.А. Мутайламов и А.К. Муртазаев},
  title =        {Критические свойства антиферромагнитной декорированной модели Изинга на квадратной решетке},
  journal =      {Low Temperature Physics},
  year =         {2020},
  volume =       {46},
  number =       {10},
  pages =        {1200--1205},
  language =     {russian}
}

@ARTICLE{kassan-ogly2019,
  author =       {F.A. Kassan-Ogly and A.I. Proshkin},
  title =        {Ising model on planar decorated lattices. Frustrations and their influence on phase transitions},
  journal =      {Physics of Metals and Metallography},
  year =         {2019},
  volume =       {120},
  number =       {13},
  pages =        {1359--1365},
  language =     {english}
}

@ARTICLE{proshkin2019,
  author =       {A.I. Proshkin and F.A. Kassan-Ogly},
  title =        {Frustration and phase transitions in Ising model on decorated square lattice},
  journal =      {Physics of Metals and Metallography},
  year =         {2019},
  volume =       {120},
  number =       {13},
  pages =        {1366--1372},
  language =     {english}
}

@ARTICLE{kassan-ogly2020,
  author =       {Ф.А. Кассан-Оглы and другие},
  title =        {Декорированная изинговская квадратная решетка в магнитном поле},
  journal =      {Физика твердого тела},
  year =         {2020},
  volume =       {5},
  pages =        {683--688},
  language =     {russian}
}

@ARTICLE{kassan-ogly2001,
  author =       {F.A. Kassan-Ogly},
  title =        {One-dimensional Ising model with next-nearest-neighbour
interaction in magnetic field},
  journal =      {Phase Transitions},
  year =         {2001},
  volume =       {74},
  pages =        {353--365},
  language =     {english}
}

@ARTICLE{dobson1969,
  author =       {J.F. Dobson},
  title =        {Many-neighbored Ising chain},
  journal =      {PJ. Math. Phys.},
  year =         {1969},
  volume =       {10},
  pages =        {40--45},
  language =     {english}
}

@BOOK{korn1970,
  author = {Г. Корн and Т. Корн},
  address = {Москва},
  publisher = {Наука},
  title = {Справочник по математике для научных работников и инженеров},
  year = {1970},
  numpages = {720},
  language = {russian}
}

@ARTICLE{oguchi1965,
  author =       {T. Oguchi},
  title =        {Theory of magnetism in $CoCl_2 \times 2H_2O$},
  journal =      {J. Phys. Soc. Japan},
  year =         {1965},
  volume =       {20},
  pages =        {2236--2243},
  language =     {english}
}

@ARTICLE{narath1964,
  author =       {T. Oguchi},
  title =        {Magnetization behavior of antiferromagnetic $CoCl_2 \times 2H_2O$ and $CoBr_2 \times 2H_2O$},
  journal =      {J. Phys. Soc. Japan},
  year =         {1964},
  volume =       {19},
  pages =        {2244--2245},
  language =     {english}
}

@ARTICLE{kobayashi1964,
  author =       {H. Kobayashi and T. Haseda},
  title =        {Metamagnetic behavior of ferromagnetic linear chain in
$CoCl_2 \times 2H_2O$},
  journal =      {J. Phys. Soc. Japan},
  year =         {1964},
  volume =       {19},
  pages =        {765--767},
  language =     {english}
}

@ARTICLE{stephenson1970,
  author =       {J. Stephenson},
  title =        {Two one-dimensional Ising models with disorder points},
  journal =      {Canadian Journal of Physics},
  year =         {1970},
  volume =       {48},
  pages =        {10},
  language =     {english}
}

@ARTICLE{kassan-ogly2012,
  author =       {F.A. Kassan-Ogly [et al.]},
  title =        {Influence of field on frustrations in low-dimensional magnets},
  journal =      {J. Magn. Magn. Mat.},
  year =         {2012},
  volume =       {324},
  pages =        {3418--3421},
  language =     {english}
}

@ARTICLE{rossat1982,
  author =       {J. Rossat-Mignod [et al.]},
  title =        {Magnetic phase diagrams of some uranium monopnictides
and monochalcogenides. In: Crystalline electric field effects in f-electron
magnetism},
  journal =      {Germany: Springer},
  year =         {1982},
  volume =       {324},
  pages =        {501--518},
  language =     {english}
}

@ARTICLE{wang1,
  author =       {F. Wang and D.P. Landau},
  title =        {Determining the density of states for classical statistical models: A random walk algorithm to produce a flat histogram},
  journal =      {Phys. Rev. E.},
  year =         {2001},
  volume =       {64},
  pages =        {1--16},
  language =     {english}
}

@ARTICLE{wang2,
  author =       {F. Wang and D.P. Landau},
  title =        {Efficient, multiple-range random walk algorithm to calculate the density of states},
  journal =      {Phys. Rev. Lett.},
  year =         {2001},
  volume =       {86},
  number =       {10},
  pages =        {2050--2053},
  language =     {english}
}

@ARTICLE{utiyama1951,
  author =       {T. Utiyama},
  title =        {Statistics of two-dimensional Ising Lattices of Chequered Types},
  journal =      {Prog. Theor. Phys.},
  year =         {1951},
  volume =       {6},
  pages =        {907},
  language =     {english}
}

@ARTICLE{syozi1960,
  author =       {I. Syozi},
  title =        {Spontaneous magnetization, a generalized square lattice},
  journal =      {Prog. Theor. Phys.},
  year =         {1960},
  volume =       {23},
  pages =        {374--376},
  language =     {english}
}

@ARTICLE{vaks1966,
  author =       {V.G. Vaks [et al.]},
  title =        {Ising model with interaction between nonnearest neighbors},
  journal =      {JETP.},
  year =         {1966},
  volume =       {22},
  number =       {4},
  pages =        {820--826},
  language =     {english}
}

@ARTICLE{chikyu1987,
  author =       {T. Chikyu and M. Suzuki},
  title =        {A simple example of exactly solvable models with reentrant
phenomena},
  journal =      {Prog. Theor. Phys.},
  year =         {1987},
  volume =       {78},
  number =       {6},
  pages =        {1242--1249},
  language =     {english}
}

@BOOK{abramowitz_stegun1972,
  author = {M. Abramowitz and A. Stegun},
  address = {Washington D.C.; New York},
  publisher = {United States Department of Commerce, National Bureau of Standards; Dover Publications},
  title = {Handbook of mathematical functions with formulas, graphs, and mathematical tables},
  year = {1972},
  numpages = {1005},
  language = {english}
}

@ARTICLE{wood1968,
  author =       {Van E. Wood},
  title =        {Efficient calculation of Clausen's integral},
  journal =      {Math. Comp.},
  year =         {1987},
  volume =       {22},
  pages =        {883--884},
  language =     {english}
}

@ARTICLE{wu2010,
  author =       {Q. Wu},
  title =        {The smallest perron numbers},
  journal =      {Mathematics of computation},
  year =         {2010},
  volume =       {79},
  number =       {272},
  pages =        {2387--2394},
  language =     {english}
}

@ARTICLE{lind1992,
  author =       {D. Lind},
  title =        {Matrices of perron numbers},
  journal =      {Journal of number theory},
  year =         {1992},
  volume =       {40},
  pages =        {211--217},
  language =     {english}
}

@ARTICLE{boyd1985,
  author =       {D.W. Boyd},
  title =        {The maximum modulus of an algebraic integer},
  journal =      {Mathematics of computation},
  year =         {1985},
  volume =       {45},
  number =       {171},
  number =       {272},
  pages =        {243--249},
  language =     {english}
}

@BOOK{sloane1973,
  author = {N.J.A. Sloane},
  publisher = {Academic Press},
  title = {A Handbook of Integer Sequences},
  year = {1973},
  numpages = {220},
  language = {english}
}

@BOOK{sloane1995,
  author = {N.J.A. Sloane and S. Plouffe},
  publisher = {Academic Press},
  title = {The Encyclopedia of Integer Sequences},
  year = {1995},
  numpages = {587},
  language = {english}
}

@BOOK{hoggatt1969,
  author = {V.E. Jr. Hoggatt},
  address = {Boston},
  publisher = {Houghton Mifflin},
  title = {Fibonacci and Lucas numbers},
  year = {1969},
  numpages = {92},
  language = {english}
}

 @ARTICLE{allouche1996,
   author =       {J. Allouche and T. Johnson},
   title =        {Narayana's cows and delayed morphisms},
   journal =      {Journees d'Informatique Musicale},
   year =         {1996},
   volume =       {79},
   number =       {272},
   pages =        {2387--2394},
   language =     {english}
 }

@ARTICLE{lin2021,
  author =       {X. Lin},
  title =        {On the recurrence properties of Narayana's cows sequence},
  journal =      {Symmetry},
  year =         {2021},
  volume =       {13},
  number =       {149},
  pages =        {12},
  language =     {english}
}

@ARTICLE{bicknell1975,
  author =       {M. Bicknell},
  title =        {A primer on the Pell sequence and related sequences},
  journal =      {Fibonacci Quarterly},
  year =         {1975},
  volume =       {13},
  number =       {4},
  pages =        {345--349},
  language =     {english}
}

@ARTICLE{vieira2020,
  author =       {R.P.M. Vieira [et al.]},
  title =        {A historical analysis of the Padovan sequence},
  journal =      {International Journal of Trends in Mathematics Education Research},
  year =         {2020},
  volume =       {3},
  number =       {1},
  pages =        {8--12},
  language =     {english}
}

@ARTICLE{adams1982,
  author =       {W. Adams and D. Shanks},
  title =        {Strong primality tests that are not sufficient},
  journal =      {Mathematics of computation},
  year =         {1982},
  volume =       {39},
  number =       {159},
  pages =        {255--300},
  language =     {english}
}

@THESIS{proshkinThesis,
  author =       {Прошкин, Алексей Игоревич},
  title =        {Тепловые и магнитные свойства многовершинных моделей
Поттса},
  media =        {text},
  type =         {phdautoref},
  science =      {физ.-мат. наук},
  specialitycode ={01.04.11},
  address =      {Екатеринбург},
  year =         {2016},
  pagetotal =    {139},
  language =     {russian},
}

@ARTICLE{zarubin2020,
  author =       {A.V. Zarubin and F.A. Kassan-Ogly nad A.I. Proshkin},
  title =        {Frustrations in the Ising chain with the third-neighbor interactions},
  journal =      {J. Magn. Magn. Mat.},
  year =         {2020},
  volume =       {514},
  number =       {167144},
  pages =        {1--14},
  language =     {english}
}

@ARTICLE{kassan-ogly2000_1,
  author =       {F.A. Kassan-Ogly},
  title =        {One-dimensional 3-state and 4-state standard Potts models in magnetic field},
  journal =      {Phase Transitions},
  year =         {2000},
  volume =       {71},
  pages =        {39--55},
  language =     {english}
}

@ARTICLE{kassan-ogly2000_2,
  author =       {F.A. Kassan-Ogly},
  title =        {Modified 6-state and 8-state Potts models in magnetic field},
  journal =      {Phase Transitions},
  year =         {2000},
  volume =       {72},
  pages =        {223--237},
  language =     {english}
}

@ARTICLE{proshkin2015,
  author =       {A.I. Proshkin and F.A. Kassan-Ogly},
  title =        {Four-state standard Potts model},
  journal =      {J. Magn. Magn. Mat.},
  year =         {2015},
  volume =       {383},
  pages =        {13--18},
  language =     {english}
}

@ARTICLE{kassan-ogly2015,
  author =       {Ф.А. Кассан-Оглы and Б.Н. Филиппов and А.И. Прошкин and А.В. Зарубин},
  options =      {maxnames=4},
  title =        {Двенадцативершинная модель Поттса в магнитном поле},
  journal =      {J. Magn. Magn. Mat.},
  year =         {2015},
  volume =       {116},
  number =       {2},
  pages =        {123--135},
  language =     {russian}
}

@ARTICLE{proshkin2016,
  author =       {A.I. Proshkin and F.A. Kassan-Ogly},
  title =        {Exact solution of 1D Ising model on linear chain with arbitrary spin},
  journal =      {Materials Science Forum},
  year =         {2016},
  volume =       {845},
  pages =        {93--96},
  language =     {english}
}

@ARTICLE{proshkin2018,
  author =       {A. Proshkin [et al.]},
  title =        {Critical phenomena in 1D Ising model with arbitrary spin},
  journal =      {EPJ Web of Conferences},
  year =         {2018},
  volume =       {185},
  pages =        {4},
  language =     {english}
}


% Real example
% & в названии журнала надо экранировать
% 10.1002/1521-4125(200007)23:7<581::AID-CEAT581>3.0.CO;2-P
% < > в ссылке приходится экранировать %3C и %3E, а потом ещё знаки процента в них экранировать
% 10.1002/1521-4125(200007)23:7%3C581::AID-CEAT581%3E3.0.CO;2-P
% 10.1002/1521-4125(200007)23:7\%3C581::AID-CEAT581\%3E3.0.CO;2-P
% url не нужен. если запись о бумажной публикации
@article {CEAT:CEAT581,
  author = {Deiters, U. K.},
  title = {A Modular Program System for the Calculation of Thermodynamic Properties of Fluids},
  journal = {Chemical Engineering \& Technology},
  volume = {23},
  number = {7},
  publisher = {WILEY-VCH Verlag},
  issn = {1521-4125},
  doi = {10.1002/1521-4125(200007)23:7<581::AID-CEAT581>3.0.CO;2-P},
  pages = {581--584},
  year = {2000},
  language = {english}
}

% Real with  4 authors
@article{doi:10.1080/01932691.2010.513279,
  author = {Young-Sang Cho and Young Kuk Kim and Kook Chae Chung and Chul Jin Choi },
  title = {Deformation of Colloidal Crystals for Photonic Band Gap Tuning},
  journal = {Journal of Dispersion Science and Technology},
  volume = {32},
  number = {10},
  pages = {1408-1415},
  year = {2011},
  doi = {10.1080/01932691.2010.513279},
  language = {english}
}

% doi with (), author with umlaut or other unicode or specific symbols, 9 authors
% latex don't like Gösele1999161 in ref
% Умляуты в авторах понимаются из-за поддержки в юникодной странице pdflatex и xelatex
% Иллюстрация того, что будет. если на английской записи будут поставлена пометка, что язык русский
@article{Gosele1999161,
  title = "Wafer bonding for microsystems technologies",
  journal = "Sensors and Actuators A: Physical",
  volume = "74",
  number = "1–3",
  pages = "161 - 168",
  year = "1999",
  issn = "0924-4247",
  doi = "10.1016/S0924-4247(98)00310-0",
  author = "Gösele, U. and Tong, Q.-Y. and Schumacher, A. and Kräuter, G. and Reiche, M. and Plößl, A. and Kopperschmidt, P. and Lee, T.-H. and Kim, W.-J.",
  keywords = "Wafer bonding",
  keywords = "Fusion bonding",
  keywords = "Pressure sensors",
  keywords = "Interface reactions",
  keywords = "Hydrophilic bonding",
  keywords = "Hydrophobic bonding",
  language = {russian}
}

% Real example (from Google or Springer)
% unmodified styles don't know %language = {English}
% язык писать с маленьких
% иллюстрация incollection
% 10.1007/0-387-32989-7_45
% Подчёркивания в DOI приходится экранировать
% 10.1007/0-387-32989-7\_45
@incollection{Li2007StressAnalysis,
  year={2007},
  isbn={978-0-387-27974-9},
  booktitle={Micro- and Opto-Electronic Materials and Structures: Physics, Mechanics, Design, Reliability, Packaging},
  editor={Suhir, E. and Lee, Y. C. and Wong, C. P.},
  doi={10.1007/0-387-32989-7_45},
  title={Stress Analysis for Processed Silicon Wafers and Packaged Micro-devices},
  publisher={Springer US},
  author={Li, Li and Guo, Yifan and Zheng, Dawei},
  pages={B677-B709},
  language={english}
}

% Real, β sign
% inputenc don't know β sign %aluminosilicate-β-quartz
% Знаки типа β, которые не знает таблица кодировки, с которой работает компилятор нужно заменять на latex команды
% doi должен быть без http://dx.doi.org/
@article{Shoji199895,
title = "Low-temperature anodic bonding using lithium aluminosilicate-\(\beta\)-quartz glass ceramic",
journal = "Sensors and Actuators A: Physical",
volume = "64",
number = "1",
pages = "95 - 100",
year = "1998",
note = "Tenth {IEEE} International Workshop on Micro Electro Mechanical Systems ",
issn = "0924-4247",
doi = "10.1016/S0924-4247(97)01659-2",
author = {Shuichi Shoji and Hiroto Kikuchi and Hirotaka Torigoe},
keywords = "Anodic bonding",
keywords = "Low-temperature bonding",
keywords = "Micro assembly",
keywords = "Micro package",
keywords = "Glass ceramic",
}


% from urlbst package
% Example from Jason Eisner, by mail (nothing special about the entry,
% but he seemed to be having formatting problems with unsrturl and proceedings
% entries.
% http://cs.jhu.edu/~jason/papers/#icassp07
@InProceedings{test:eisner-sample,
  author =       {Damianos Karakos and Sanjeev Khudanpur and Jason
                  Eisner and Carey~E. Priebe},
  title =        {Iterative denoising using {J}ensen-{R}enyi
                  divergences with an application to unsupervised
                  document categorization},
  booktitle =    {Proceedings of ICASSP},
  year =         2007,
  url =          {http://cs.jhu.edu/~jason/papers/\#icassp07}
}

@InProceedings{test:eisner-sample-shorted,
  author =       {Damianos Karakos and Sanjeev Khudanpur and Jason
                  Eisner and Carey~E. Priebe},
  title =        {Iterative denoising using {J}ensen-{R}enyi
                  divergences with an application to unsupervised
                  document categorization},
  booktitle =    {Proceedings of ICASSP},
  shortbooktitle = {Proc. of ICASSP},
  year =         2007,
  url =          {http://cs.jhu.edu/~jason/papers/\#icassp07}
}

% Попытка записать патент имеющимися средствами
@Book{iofis_patent1960,
  title                    = {Способ пайки керамики с~керамикой и~стекла с~металлом : а.\,с.~126728 СССР},
  author                   = {Иофис, Н. А.},
  year                     = {1960},
  numpages                 = {Бюл. № 5.~1},
  language                 = {russian}
}


%%% Использование дополнительных опций biblatex

@Book{sobenin_kdv,
  author =       {О. А. Вальднер and Н. П. Собенин and Б. В. Зверев and И. С. Щедрин},
  options =      {maxnames=4},
  title =        {Диафрагмированные волноводы},
  subtitle =     {Справочник},
  publisher =    {Энергоатомиздат},
  edition =      3,
  year =         1991,
  pagetotal =    280,
  location =     {М.},
  language =     {russian},
  isbn =         {5-283-03960-9},
}

@InProceedings{initials,
  author =       {Ya.Yu. Ivanov},
  title =        {Stabilization of the initials in the bibliography entries},
  booktitle =    {Proc. of {IPAC'10}},
  options =      {giveninits=false},
  pages =        {1234 -- 4321},
  language =     {english},
  venue =        {Kyoto, Japan},
  publisher =    {JACoW Publishing},
  location =     {Geneva},
  month =        5,
  year =         2010,
}
